%@book{latex,
%  title = {LaTeX : A Documentation Preparation System User's Guide and Reference Manual},
%  publisher = {Addison-Wesley Professional},
%  year = {1994},
%  author = {Leslie Lamport}
%}
@inproceedings{srivastava15_unsup_video,
  author    = {Nitish Srivastava and Elman Mansimov and Ruslan Salakhutdinov},
  title     = {Unsupervised Learning of Video Representations using {LSTM}s},
  booktitle = {ICML},
  year      = {2015}
}

